@article{Rasch1960,
author		= "Rasch, G.",
title 		= "On general laws and the meaning of measurement on psychology",
journal		= "Danish Institute of Educational Research",
//volume	= "",
//number	= "",
//pages		= "",
year  		= "1960",
//month		= "",
//note 		= "",
}

@article{McDonald1967,
author		= "McDonald, R.",
title		= "Non-linear factor  analysis",
journal		= "Psychometric Monographs",
//volume	= "",
number		= "15",
//pages		= "",
year		= "1967",
//month		= "",
//note		= "",
}

@article{Samejima1969,
author		= "Samejima, F.",
title 		= "Estimation of Latent Ability Using a Response Pattern of Graded Scores",
journal		= "Psychometrika",
//volume	= "",
number		= "17",
//pages		= "",
year		= "1969",
//month		= "",
//note		= "",
}

@article{Bock1972,
author		= "Bock, R.",
title		= "Estimating Item Parameters and Latent ability when responses are scored in two or more nominal categories",
journal		= "Psychometrika",
volume		= "37",
number		= "1",
//pages		= "",
year		= "1972",
//month		= "",
//note		= "",
}

@article{Samejima1972,
author		= "Samejima, F.",
title		= "A General Model for Free-Response Data",
journal		= "Psychometric Society",
//volume	= "",
number		= "18",
//pages		= "",
year		= "1972",
//month		= "",
//note		= "",
}

@techreport{Lord1973,
author		= "Lord, F.",
title		= "Estimation of Latent ability and item parameters when there are omitted responses",
institution	= "Educational Testing Service",
//type		= "", 
//number	= "",
//address	= "",
year		= "1973",
//month		= "",
//note		= "",
}

@article{Rubin1976,
author		= "Rubin, D.",
title		= "Inference and Missing Data",
journal		= "Biometrika",
volume		= "63",
number		= "3",
pages		= "581-592",
year		= "1976",
//month		= "",
//note		= "",
}

@book{Rasch1980,
author		= "Rasch, G.",
title		= "Probabilistic Models for Some Intelligence and Attainment Tests",
publisher	= "University of Chicago Press",
//volume	= "",
//number	= "",
//series	= "",
//address	= "",
//edition	= "",
year		= "1980",
//month		= "",
//note		= "",
}

@book{Rubin1987,
author		= "Rubin, D.",
title		= "Multiple Imputation for Nonresponse in Surveys",
publisher	= "John Wiley and Sons, Inc.",
//volume	= "",
//number	= "",
series		= "Wiley series in probability and mathematical statistics",
//address	= "",
//edition	= "",
year		= "1987",
//month		= "",
//note		= "",
}

@book{Ham_Swam_Rog1991,
author		= "Hambleton, R. and Swaminathan, H. and Rogers, H.",
title		= "Fundamentals of Item Response Theory",
publisher	= "SAGE Publications Inc.",
//volume	= "",
//number	= "",
//series	= "",
//address	= "",
//edition	= "",
year		= "1991",
//month		= "",
//note		= "",
}

@book{Ham_Swam1991,
author		= "Hambleton, R. and Swaminathan, H.",
title		= "Item Response Theory",
publisher	= "Springer Science+Business Media, LLC",
//volume	= "",
//number	= "",
series		= "Evaluation in Education and Human Services series",
//address	= "",
//edition	= "",
year		= "1991",
//month		= "",
//note		= "",
}

@book{Linden1997,
author		= "Linden, W.",
title		= "Handbook of Modem Item Response Theory",
publisher	= "Springer Science+Business Media, LLC",
//volume	= "",
//number	= "",
//series	= "",
//address	= "",
edition		= "Hambleton, R. and Linden, W.",
year		= "1997",
//month		= "",
//note		= "",
}

@article{Ber_Sij2000,
author		= "Bernaards, C. and Sijtsma, K.",
title		= "Influence of Imputation and EM Methods on factor Analysis when Item nonresponse in Questionnaire Data is Nonignorable",
journal		= "Multivariate Behavioral Research",
volume		= "35",
number		= "3",
pages		= "321-364",
year		= "2000",
//month		= "",
//note		= "",
}

@techreport{Baker2001,
author		= "Baker F.",
title		= "The Basic of Item Response Theory",
institution	= "ERIC Clearinghouse on Assessment and Evaluation",
//type		= "", 
//number	= "",
//address	= "",
year		= "2001",
//month		= "",
//note		= "",
}

@book{Litt_Rub2002,
author		= "Little, R. and Rubin, D.",
title		= "Statistical Analysis with Missing Data",
publisher	= "John Wiley and Sons, Inc.",
//volume	= "",
//number	= "",
series		= "Wiley series in probability and statistics",
//address	= "",
//edition	= "",
year		= "2002",
//month		= "",
//note		= "",
}

@article{Fox2005,
author		= "Fox, J.",
title		= "Multilevel IRT using dichotomous and polytomous items",
journal		= "British Journal of Mathematical and Statistical Psychology",
//volume	= "",
number		= "58",
pages		= "145-172",
year		= "2005",
//month		= "",
//note		= "",
}

@article{Hol_Glas2005,
author		= "Holman, R. and Glas, C.",
title		= "Modelling non-ignorable missing data mechanisms with item response theory models",
journal		= "British Journal of Mathematical and Statistical Psychology",
//volume	= "",
number		= "58",
pages		= "1-17",
year		= "2005",
//month		= "",
//note		= "",
}

@techreport{Glas2006,
author		= "Glas, C.",
title		= "Bayesian Estimation Methods for Multidimensional Models for Discrete and Continuous Responses",
institution	= "Law School Admission Council",
//type		= "", 
//number	= "",
//address	= "",
year		= "2006",
//month		= "",
//note		= "",
}

@book{Ostini2006,
author		= "Ostini, R.",
title		= "Polytomous item response theory models",
publisher	= "Sage Publications Inc.",
volume		= "07",
number		= "144",
series		= "Quantitative applications in the social sciences",
//address	= "",
edition		= "Nering, M.",
year		= "2006",
//month		= "",
//note		= "",
}

@techreport{Sto_Zhu2006,
author		= "Stone, C. and Zhu, X.",
title		= "Bayesian Analysis of Item Response Theory Models Using SAS",
institution	= "SAS Institute Inc.",
//type		= "", 
//number	= "",
//address	= "",
year		= "2006",
//month		= "",
//note		= "",
}

@inproceedings{Kang_Sung2006,
author		= "Kang, T. and Sung, H.",
title		= "Choosing a Polytomous IRT Model using Bayesian Model Selection Methods",
booktitle	= "National Council on Measurement in Education annual meeting",
//editor	= "",
//volume	= "",
//number	= "",
//series	= "",
//pages		= "",
//address	= "",
//organization	= "",
//publisher	= "",
year		= "2006",
//month		= "",
//note		= "",
}

@book{Lord_Nov2008,
author		= "Lord, F. and Novik, M.",
title		= "Statistical Theories of Mental Test Scores",
publisher	= "Information Age Publishing",
//volume	= "",
//number	= "",
//series	= "",
//address	= "",
//edition	= "",
year		= "2008",
//month		= "",
//note		= "",
}

@book{Hoff2009,
author		= "Hoff, P.",
title		= "A First Course in Bayesian Statistical Methods",
publisher	= "Springer Science+Business Media, LLC",
//volume	= "",
//number	= "",
series		= "Springer Texts in Statistics",
//address	= "",
edition		= "Casella, G. and Fienberg, S. and Olkin, I. ",
year		= "2009",
//month		= "",
//note		= "",
}

@book{Ntzoufras2009,
author		= "Ntzoufras, I.",
title		= "Bayesian Modeling Using WinBUGS",
publisher	= "John Wiley & Sons, Inc.",
//volume	= "",
//number	= "",
series		= "Wiley Series in Computational Statistics",
//address	= "",
edition		= "Giudici, P. and Givens, G. and Mallick, B.",
year		= "2009",
//month		= "",
//note		= "",
}

@article{Kang_Coh_Sung2009,
author		= "Kang, T. and Cohen, A. and Sung, H.",
title		= "Model Selection Indices for Polytomous Items",
journal		= "Applied Psychological Measurement",
volume		= "33",
number		= "7",
pages		= "499-518",
year		= "2009",
//month		= "",
//note		= "",
}

@manual{Baz_Val_Cal2010,
title		= "Enfoque Bayesiano en modelos de Teoría de Respuesta al Ítem",
author		= "Bazán, J. and Valdiviezo, L. and Calderón, A.",
organization	= "Pontificia Universidad Católica del Perú",
//address	= "",
//edition	= "",
year		= "2010",
//month		= "",
//note		= "",
}

@incollection{This_Cai_Dar2010,
author		= "Thissen, D. and Cai, L. and Darrel, R.",
title		= "The Nominal Categories Item Response Model",
booktitle	= "Handbook of Polytomous Item Response Theory Models",
publisher	= "Routledge, Taylor and Francis Group, LLC",
editor		= "Ostini, R. and Nering, M.",
//volume	= "",
//number	= "",
//series	= "",
//type		= "",
chapter		= "3",
//pages		= "",
//address	= "",
//edition	= "",
year		= "2010",
//month		= "",
//note		= "",
}

@article{Hsi_Proc_Hou_Teo2010,
author		= "Hsieh, M. and Proctor, T. and Hou, J. and Teo, K.",
title		= "A comparison of bayesian MCMC and Marginal Maximum Likehood methods in estimating the item parameters for the 2PL IRT model",
journal		= "International Journal of Innovative Management, Information and Production",
volume		= "1",
number		= "1",
pages		= "81-89",
year		= "2010",
//month		= "",
//note		= "",
}

@article{Curtis2010,
author		= "Curtis, S.",
title		= "BUGS Code for Item Response Theory",
journal		= "Journal of Statistical Software",
volume		= "36",
//number	= "",
//pages		= "",
year		= "2010",
//month		= "",
//note		= "",
}

@book{Fox2010,
author		= "Fox, J.",
title		= "Bayesian Item Response Modeling, Theory and Applications",
publisher	= "Springer Science+Business Media, LLC",
//volume	= "",
//number	= "",
series		= "Statistics for Social and Behavioral Sciences",
//address	= "",
edition		= "Fienberg, S. and van der Linden, W.",
year		= "2010",
//month		= "",
//note		= "",
}

@book{Enders2010,
author		= "Enders, C.",
title		= "Applied Missing Data Analysis",
publisher	= "The Guilford Press",
//volume	= "",
//number	= "",
series		= "Methodology in the Social Sciences",
//address	= "",
edition		= "Kenny, D. and Little, T.",
year		= "2010",
//month		= "",
//note		= "",
}

@techreport{Ros_Dav_Xu2010,
author		= "Rose, N. and Davier, M. and Xu, X. ",
title		= "Modeling Nonignorable Missing Data with Item Response Theory (IRT)",
institution	= "Educational Testing Service",
//type		= "", 
//number	= "",
//address	= "",
year		= "2010",
//month		= "",
//note		= "",
}

@mastersthesis{Chincaro2010,
author		= "Chincaro, O.",
title		= "Modelo de Rasch dicotómico con aplicación a la Educación",
school		= "Pontificia Universidad Católica del Perú",
//type		= "",
//address	= "",
year		= "2010",
//month		= "",
//note		= "",
}

@book{Lunn_Jack_Best_Thom_Spie2012,
author		= "Lunn, D. and Jackson, C. and Best, N. and Thomas, A. and Spiegelhalter, D.",
title		= "The BUGS Book: A Practical Introduction to Bayesian Analysis",
publisher	= "CRC Press, Taylor & Francis Group, LLC",
//volume	= "",
//number	= "",
series		= "Texts in Statistical Science Series",
//address	= "",
edition		= "Dominici, F. and Faraway, J. and Tanner, M. and Zidek, J.",
year		= "2012",
//month		= "",
//note		= "",
}

@mastersthesis{Tarazona2013,
author		= "Tarazona, E.",
title		= "Modelos Alternativos de Respuesta Graduada con aplicaciones en la Calidad de Servicios",
school		= "Pontificia Universidad Cat\'{o}lica del Per\'{u}",
year		= "2013",
}

@book{Bartholomew2013,
author		= "Bartholomew, D.",
title		= "Unobserved Variables Models and Misunderstandings",
publisher	= "Springer Science+Business Media, LLC",
//volume	= "",
//number	= "",
series		= "SpringerBriefs in Statistics",
//address	= "",
//edition	= "",
year		= "2013",
//month		= "",
//note		= "",
}

@article{Glas_Meij2003,
author		= "Glas, C. and Meijer, R.",
title		= "A Bayesian Approach to Person Fit Analysis in Item Response Theory Models",
journal		= "Applied Psychological Measurement",
volume		= "27",
number		= "3",
pages		= "217-233",
year		= "2003",
//month		= "",
//note		= "",
}

@inproceedings{Bazan2014,
author		= "Bazán, J.",
title		= "Enfoque Bayesiano nos modelos de Teoria da resposta ao item",
booktitle	= "21°  SINAPE - Simpósio Nacional de Probabilidade e Estatística",
//editor	= "",
//volume	= "",
//number	= "",
//series	= "",
//pages		= "",
//address	= "",
organization	= "Associacao Brasileira de Estatística",
//publisher	= "",
year		= "2014",
//month		= "",
//note		= "",
}

@book{Gel_Car_Ster_Dun_Veh_Rub2014,
author		= "Gelman, A. and Carlin, J. and Stern, H. and Dunson, D. and Vehtari, A. and Rubin, D.",
title		= "Bayesian Data Analysis",
publisher	= "CRC Press, Taylor & Francis Group, LLC",
//volume	= "",
//number	= "",
series		= "Texts in Statistical Science Series",
//address	= "",
edition		= "Dominici, F. and Faraway, J. and Tanner, M. and Zidek, J.",
year		= "2014",
//month		= "",
//note		= "",
}

@incollection{Ost_Fin_Ner2015,
author		= "Ostini, R. and Finkelman, M. and Nering, M.",
title		= "14 Selecting Among Polytomous IRT Models",
booktitle	= "Handbook of item response theory modeling: applications to typical performance assessment",
publisher	= "Routledge, Taylor and Francis Group, LLC",
editor		= "Reise, S. and Revicki, D.",
//volume	= "",
//number	= "",
//series	= "",
//type		= "",
chapter		= "3",
//pages		= "",
//address	= "",
//edition	= "",
year		= "2015",
//month		= "",
//note		= "",
}

@manual{Stan2015,
title		= "Stan Modeling Language: User?s Guide and Reference Manual",
//author	= "",
organization	= "Stan Development Team",
//address	= "",
//edition	= "",
year		= "2015",
//month		= "",
//note		= "",
}
